@inproceedings{blanco2011semantic,
  title={Semantic representation of negation using focus detection},
  author={Blanco, Eduardo and Moldovan, Dan},
  booktitle={Proceedings of the 49th Annual Meeting of the Association for Computational Linguistics: Human Language Technologies-Volume 1},
  pages={581--589},
  year={2011},
  organization={Association for Computational Linguistics}
}


@book{alonso1996negacion,
  title={La negaci{\'o}n en espa{\~n}ol},
  author={Alonso, Beatriz Sanz and de Espa{\~n}a, Colegio},
  year={1996},
  publisher={Colegio de Espa{\~n}a}
}
